% calibration papers (w/ negative controls)
@article{schuemie2018empirical,
  title={Empirical confidence interval calibration for population-level effect estimation studies in observational healthcare data},
  author={Schuemie, Martijn J and Hripcsak, George and Ryan, Patrick B and Madigan, David and Suchard, Marc A},
  journal={Proceedings of the National Academy of Sciences},
  volume={115},
  number={11},
  pages={2571--2577},
  year={2018},
  publisher={National Acad Sciences}
}

@article{arnold2016brief,
  title={Brief report: negative controls to detect selection bias and measurement bias in epidemiologic studies},
  author={Arnold, Benjamin F and Ercumen, Ayse and Benjamin-Chung, Jade and Colford Jr, John M},
  journal={Epidemiology (Cambridge, Mass.)},
  volume={27},
  number={5},
  pages={637},
  year={2016},
  publisher={Wolters Kluwer Health}
}

@article{lipsitch2010negative,
  title={Negative controls: a tool for detecting confounding and bias in observational studies},
  author={Lipsitch, Marc and Tchetgen, Eric Tchetgen and Cohen, Ted},
  journal={Epidemiology (Cambridge, Mass.)},
  volume={21},
  number={3},
  pages={383},
  year={2010},
  publisher={NIH Public Access}
}

% related work
@article{yao2021bivariate,
  title={Bivariate Hierarchical Bayesian Model for Combining Summary Measures and their Uncertainties from Multiple Sources},
  author={Yao, Yujing and Ogden, R Todd and Zeng, Chubing and Chen, Qixuan},
  journal={arXiv preprint arXiv:2109.07560},
  year={2021}
}

@article{mulgrave2020bayesian,
  title={Bayesian Posterior Interval Calibration to Improve the Interpretability of Observational Studies},
  author={Mulgrave, Jami J and Madigan, David and Hripcsak, George},
  journal={arXiv preprint arXiv:2003.06002},
  year={2020}
}

% implemented MH-within-Gibbs sampler package
@article{schuemie2021combining,
	title={Combining Cox Regressions Across a Heterogeneous Distributed Research Network Facing Small and Zero Counts},
	author={Schuemie, Martijn J and Chen, Yong and Madigan, David and Suchard, Marc A},
	journal={arXiv preprint arXiv:2101.01551},
	year={2021}
}

